@misc{bada:v3,
    author = {{Eurocontrol Experimental Centre}},
    title = {User Manual for the Base of Aircraft Data BADA, revision 3.13},
    url = {https://www.eurocontrol.int/services/bada}
}

@techreport{kochenderfer-correlated:2008,
    author = {M. J. Kockenderfer and L. P. Espindle and J. K. Kuchar and J. D. Griffith},
    title = {Correlated Encounter Model for Cooperative Aircraft in the National Airspace System, Version 1.0},
    institution = {MIT Lincoln Laboratory},
    address = {Lexington, Massachusetts},
    year = {2008}
}

@techreport{kochenderfer-uncorrelated:2008,
    author = {M. J. Kockenderfer and L. P. Espindle and J. K. Kuchar and J. D. Griffith},
    title = {Uncorrelated Encounter Model for Cooperative Aircraft in the National Airspace System, Version 1.0},
    institution = {MIT Lincoln Laboratory},
    address = {Lexington, Massachusetts},
    year = {2008}
}

@article{liu:2014,
    author = {W. Liu and I. Hwang},
    title = {Probabilistic Aircraft Midair Conflict Resolution Using Stochastic Optimal Control},
    journal = {IEEE Transactions on Intelligent Transportation Systems},
    volume = {15},
    pages = {37-46},
    year = {2014}
}

@article{malaek:2011,
    author = {S. M. Malaek and A. Alaeddini and D. S. Gerran},
    title = {â€œOptimal maneuvers for aircraft conflict resolution based on efficient genetic webs},
    journal = {IEEE Transactions on Intelligent Transportation Systems},
    volume = {47},
    pages = {2457-2472},
    year = {2011}
}

@inproceedings{meng:2012,
    author = {G. Meng and F. Qi},
    title = {Flight Conflict Resolution for Civil Aviation based on Ant Colony Optimization},
    booktitle = {Fifth International Symposium on Computational Intelligence and Design,},
    month = {January},
    year = {2012},
    address = {Hangzhou, China}
}

@inproceedings{ming:2011,
    author = {C. MingQiang},
    title = {Flight Conflict Detection and Resolution Based on Neural Network},
    booktitle = {International Conference on Computational and Information Sciences},
    month = {October},
    year = {2011},
    address = {Chengdu, China},
    pages = {860-862}
}

@inproceedings{oaks:2002a,
    author = {R. D. Oaks},
    title = {A Study on the Feasibility of Using a Genetic Algorithm to Generate Realistic Air Traffic Scenarios Based on Recorded Field Data},
    booktitle = {American Institute of Aeronautics and Astronautics (AIAA) Guidance, Navigation, and Control Conference},
    pages = {4767},
    month = {August},
    year = {2002},
    address = {Monterey, California}
}

@inproceedings{oaks:2002b,
    author = {R. D. Oaks},
    title = {Generation of Realistic Air Traffic Scenarios Using a Genetic Algorithm},
    booktitle = {21st Digital Avionics Systems Conference (DASC)},
    volume = {1},
    month = {October},
    year = {2002},
    pages = {2A1-1-2A1-2},
    address = {Irvine, California}
}

@inproceedings{oaks:2001,
    author = {R. D. Oaks and M. M. Paglione},
    title = {Generation of Realistic Air Traffic Scenarios Based on Recorded Field Data},
    booktitle = {Air Traffic Control Association (ATCA) 46th Annual Conference Proceedings},
    year = {2001},
    address = {Washington, D.C.},
    pages = {142},
    volume = {46}
}

@inproceedings{paglione:2003,
    author = {M. M. Paglione and R. D. Oaks and J. S. Summerill},
    title = {Time Shifting Air Traffic Data for Quantitative Evalution of a Conflict Probe},
    booktitle = {American Institute of Aeronautics and Astronautics (AIAA) Guidance, Navigation, and Control Conference},
    month = {August},
    year = {2003},
    address = {Austin, Texas},
    pages = {5343}
}

@inproceedings{paglione:2008,
    author = {M. M. Paglione and C. Santiago and A. Crowell and R. D. Oaks},
    title = {Analysis of the aircraft to aircraft conflict properties in the national airspace system,},
    booktitle = {American Institute of Aeronautics and Astronautics (AIAA) Guidance, Navigation and Control Conference and Exhibit},
    month = {August},
    year = {2008},
    address = {Honolulu, Hawaii}
}

@techreport{ritchie:2016,
    author = {J. A. {Ritchie III}},
    title = {Design and Performance of an Improved Genetic Algorithm Implementation for Time-Shifted Air Traffic Scenario Generation},
    institution = {Federal Aviation Administration},
    address = {Atlantic City, NJ},
    year = {2016}
}

@article{yang:2017,
    title={Multi-aircraft Conflict Detection and Resolution Based on Probabilistic Reach Sets},
    author={Y. Yang and J. Zhang and K.Q. Cai and M. Prandini},
    journal={IEEE Transactions on Control Systems Technology},
    volume={25},
    pages={309--316},
    year={2017}
}
